

@Misc{Way,
  title = {{Way.}},
  howpublished = {\url{http://www.makeourway.com}},
}
@Misc{Unity3D,
  title = {{Unity. Unity3D.}},
  howpublished = {\url{http://unity3d.com/}},
  urlcolor = black,
}

@Misc{Kinect,
  title = {{Microsoft. Microsoft Kinect.}},
  howpublished = {\url{http://www.xbox.com/en-US/KINECT}},
}

@Misc{Wii,
  title = {{Nintendo. Wii.}},
  howpublished = {\url{http://www.nintendo.com/wii}},
}

@Misc{Fraps,
  title = {{Fraps.}},
  howpublished = {\url{www.fraps.com}},
}


@Article{CGDP1,
  author    = {J. P. Zagal, J. Rick, and I. Hsi},
  title     = {Collaborative games: Lessons learned from board games},
  journal   = {Simulation and Gaming},
  year      = {2006},
  volume    = {vol. 37},
  number    = {},
  pages     = {24-40},
}

@Book{CGDP2,
  author    = {S. Björk and J. Holopainen},
  title     = {Patterns in Game Design.},
  publisher = {Charles River Media},
  address   = {California, USA},
  year      = {2004},
}

@Book{CGDP3,
  author    = {J. B. Rocha, S. Mascarenhas, and R. Prada},
  title     = {Game Mechanics for Cooperative Games},
  publisher = {in ZDN Digital Game},
  year      = {2008},
}

@inproceedings{CGDP4,
 author = {Magy Seif El-Nasr},
 title = {Understanding and evaluating cooperative games},
 booktitle = {Proc. ACM CHI'10 (2010)},
 publisher = {ACM},
}

@Book{BL1,
  author    = {Kita, S.},
  title     = {How representational gestures help speaking.},
  publisher = {Cambridge University Press},
  address   = {In D. McNeill (Ed.), Language and gesture, 162–185, Cambridge, UK:},
  year      = {2000},
}

@inproceedings{BL2,
  author    = {Aryel Beck},
  title     = {Emotional Body Language Displayed by Artificial agents},
  booktitle = {Proc. ACM Transactions on Interactive Intelligent Systems (TiiS)},
  puhlisher = {ACM},
  year      = {2012},
}

@Misc{BLWiki,
  title = {{Wikipedia, Body Language}},
  howpublished = {\url{http://en.wikipedia.org/wiki/Body_language}},
}


@Misc{Acrobat7,
  title = {{Adobe Acrobat Reader 7}},
  howpublished = {\url{http://www.adobe.com/products/acrobat/}},
}

@Article{Anderson92,
  author    = {Anderson, R. E.},
  title     = {Social impacts of computing: Codes of professional ethics},
  journal   = {Social Science Computing Review},
  year      = {1992},
  volume    = {10},
  number    = {2},
  pages     = {453--469},
}

@Misc{ACMCCS,
  title = {How to Classify Works Using {ACM}'s Computing Classification System},
  howpublished = {\url{http://www.acm.org/class/how_to_use.html}},
}

@InProceedings{Klemmer02,
  author    = {Klemmer, R. S. and Thomsen, M. and Phelps-Goodman, E. and Lee, R. and Landay, J. A.},
  title     = {Where do web sites come from? Capturing and interacting with design history},
  booktitle = {Proc. CHI},
  publisher = {ACM Press},
  year      = {2002},
  pages     = {1--8},
}

@InProceedings{Mather00,
  author    = {Mather, B. D.},
  title     = {Making up titles for conference papers},
  booktitle = {Ext. Abstracts CHI},
  publisher = {ACM Press},
  year      = {2000},
  pages     = {1--2},
}

@Book{Schwartz95,
  author    = {Schwartz, M.},
  title     = {Guidelines for Bias-Free Writing},
  publisher = {Indiana University Press},
  address   = {Bloomington, IN, USA},
  year      = {1995},
}

@InProceedings{Zellweger01,
  author    = {Zellweger, P. T. and Bouvin, N. O. and Jeh{\o}j, H. and Mackinlay, J. D.},
  title     = {Fluid Annotations in an Open World},
  booktitle = {Proc. Hypertext},
  publisher = {ACM Press},
  year      = {2001},
  pages     = {9--18},
}

